3096 4988
647 1019 794 1088 elata.

145 1160 158 1189 ⁸
179 1159 294 1215 stellula
312 1159 451 1215 uocabulo
476 1161 570 1215 textus
595 1159 695 1214 addita
718 1159 895 1230 significatur
917 1159 948 1213 id
970 1159 1001 1213 in
1024 1162 1164 1230 apparatu
1182 1159 1243 1216 eine
1261 1160 1292 1215 in

219 1248 310 1304 altera
326 1248 461 1304 editionis
475 1250 556 1319 parte
570 1247 688 1304 tractari
703 1250 753 1304 ant
767 1247 991 1318 commemorari;
1009 1248 1040 1303 in
1054 1251 1194 1320 apparatu
1208 1249 1291 1304 unius

217 1337 331 1393 litterae
348 1337 482 1393 lacunam
498 1336 615 1392 indicat.

146 1427 183 1498 []
201 1425 255 1481 hoc
274 1426 356 1498 signo
375 1426 525 1482 abicienda
543 1425 655 1496 inclusi,
673 1427 727 1482 hcc

145 1514 165 1588 <
181 1514 202 1588 >
220 1517 319 1570 contra
336 1514 516 1586 palimpseeti
533 1514 618 1569 fidem
637 1513 746 1570 addita.

145 1605 183 1674 ()
201 1603 307 1658 lunulis
326 1604 363 1658 ad
381 1602 550 1674 compendia
568 1601 750 1659 dissoluenda
768 1619 835 1657 neue
854 1619 916 1657 eum
933 1602 979 1674 (cf.
996 1620 1023 1672 p.
1039 1602 1095 1674 XI),

144 1696 163 1760 †
181 1708 264 1747 cruce
282 1692 320 1747 ad
338 1695 470 1763 corrupta
489 1692 659 1748 denotanda.

144 1795 247 1848 nomen
261 1811 295 1821 -
309 1797 338 1834 m
356 1779 483 1835 litteram
500 1779 685 1851 probabilem,

144 1883 247 1939 nomen
260 1900 296 1909 —
309 1887 338 1923 m
357 1867 484 1924 litteram
502 1868 627 1938 dubiam,

144 1943 246 2013 nemen
259 1989 295 1998 -
308 1975 337 2011 m
355 1956 518 2012 coniectura
535 1957 697 2012 restitutam
715 1956 865 2028 significat.

144 2047 213 2102 Aa.
229 2073 263 2094 =
276 2044 416 2101 Analecta
433 2044 657 2114 Ante-Nicaena¹
677 2044 720 2101 ed.
739 2043 1002 2116 Buneen-Lagarde,
1022 2045 1057 2102 cf.
1076 2064 1103 2117 p.
1118 2047 1164 2104 IX.

146 2135 208 2190 ΟΔ.
223 2161 257 2182 =
271 2133 493 2190 Constitutionee
512 2134 711 2206 apostolorum,
731 2134 774 2189 cd.
794 2133 932 2206 lagarda,
952 2133 987 2189 cf.
1005 2153 1032 2206 p.
1046 2133 1094 2190 IX.

144 2223 214 2279 Did.
229 2251 264 2271 ω
278 2222 442 2278 Didascalia
460 2222 659 2293 apostolorum.

148 2311 197 2368 Gr.
212 2339 246 2360 =
260 2311 383 2368 Graecus
403 2314 509 2382 (textus
522 2311 711 2382 Didascaliae,
730 2311 780 2379 qui
798 2327 833 2365 ex
846 2311 910 2366 Did.
926 2311 1058 2381 Syriacae
1076 2328 1214 2368 consensu
1227 2330 1292 2369 cum

216 2399 275 2456 ct.
295 2399 459 2472 diuinatnr).

145 2488 217 2560 Lac.
232 2515 266 2536 ιι
280 2489 418 2560 Lagaria

145 2575 208 2648 Syr.
223 2604 257 2624 =
272 2577 366 2649 Syrus,
384 2578 550 2635 Didascalia
568 2579 693 2649 syriaca.

145 2665 196 2721 lac.
211 2693 245 2712 =
259 2665 369 2722 lacuna.

144 2769 196 2809 em.
212 2782 245 2802 ι-
260 2754 350 2826 omisi,
371 2755 506 2810 omissum
523 2755 573 2811 tal.

143 2859 165 2898 a.
180 2844 197 2899 l.
213 2871 247 2891 =
262 2861 347 2914 supra
364 2844 469 2900 lineam
488 2847 583 2917 (cupra
601 2847 731 2917 uersum).

144 2948 165 2987 a.
180 2949 201 2987 e.
216 2960 250 2980 ιι
264 2949 350 3003 supra
368 2933 511 3005 scriptum.

610 3133 823 3142 ——-----—

581 3347 851 3410 OORRIGENDA.

358 3484 466 3540 Laterc.
485 3483 507 3554 Ι,
526 3488 560 3537 et
578 3483 647 3539 Post
664 3483 768 3558 <e>am
787 3482 849 3538 dele
867 3481 1017 3553 nirgnlam.

357 3573 467 3644 XXXX,
487 3578 503 3626 2
521 3573 602 3629 dnae
619 3575 649 3628 et

357 3661 494 3733 XXXXII,
514 3668 548 3717 18
566 3663 691 3719 denatae
708 3661 816 3717 formae
833 3661 1007 3718 retinendae.
